@string{ CUP = {Cambridge {U}niversity {P}ress} }
@string{ OUP = {Oxford {U}niversity {P}ress} }
@string{ LI = {Linguistic Inquiry} }
@string{ AL = {Africana Linguistica} }
@string{ SAL = {Studies in {A}frican Linguistics} }
@string{ JWAL = {Journal of {W}est {A}frican {L}anguages} }
@string{ NLLT = {Natural {L}anguage and {L}inguistic {T}heory} }
@string{ LMH = {Larry M Hyman} }

@book{Comrie1981,
	author = {Bernard Comrie},
	title = {Language Universals and Linguistic Typology: Syntax and Morphology (Second Edition)},
	publisher = {The {U}niversity of {C}hicago {P}ress},
	address = {Chicago},
	year = {1989},
	}

@article{koopman:1986,
	author = {Hilda Koopman and Dominique Sportiche},
	year = {1986},
	title = {A Note on Long Extraction in {V}ata and the {ECP}},
	volume = {4},
	number = {3},
	pages = {357--374},
	journal = NLLT,
	}

@mastersthesis{maxey:1994,
	author = {James Allen Maxey},
	title = {Relative Clauses in {V}ute},
	school = {The {U}niversity of {T}exas at {A}rlington},
	year = {1994},
	}

@incollection{gueldemann:2007,
        author = {Tom G\"uldemann},
        title = { Preverbal objects and information structure in {B}enue-{C}ongo},
        pages = {83--111},
        crossref = {aboh:2007},
        }

@book{aboh:2007,
        editor = {Enoch Olad\'e Aboh and Katharina Hartmann and Malte Zimmermann},
        title = {Focus strategies in {A}frican languages: the interaction of focus and grammar in {N}iger-{C}ongo and {A}fro-{A}siatic. {T}rends in Linguistics---{S}tudies and {M}onographs 191},
        booktitle = {Focus strategies in {A}frican languages: the interaction of focus and grammar in {N}iger-{C}ongo and {A}fro-{A}siatic. {T}rends in Linguistics---{S}tudies and {M}onographs 191},
        year = {2007},
        publisher = {Mouton de {G}ruyter},
        address = {Berlin},
        }


@misc{tervuren,
        author = {Jeff Good and Jesse Lovegren},
        title = {Reassessing {W}estern {B}eboid},
        year = {2009},
        howpublished = {Presentation made at {B}antu 3: {T}hird International Conference on {B}antu Languages.  {R}oyal Museum for {C}entral {A}frica, {T}ervuren, {B}elgium, March 26},
        url = {http://www.acsu.buffalo.edu/~jcgood/goodlovegren-Bantu3.pdf}
        }


@misc{ohala:1978,
	author = {John Ohala},
	title = {Southern {B}antu vs. the World: The case of Palatalization of Labials},
	howpublished = {Proceedings of the 4th Annual Meeting of the {B}erkeley {L}inguistics
	{S}ociety, pp.370--386},
	year = {1978},
	}

@incollection{hombert:1980,
        author = {Jean-Marie Hombert},
        pages = {83--98},
        title = {Noun classes of the {B}eboid languages},
        crossref = {hyman:ncs},
        }

@incollection{boum:1980,
        author = {Marie Anne Boum},
        title = {Le Groupe {M}enchum: {M}orphologie Nominale},
        pages = {73--82},
        crossref = {hyman:ncs},
        }

@incollection{hyman:1980,
        author = LMH,
        title = {Reflections on the nasal classes in {B}antu},
        crossref = {hyman:ncs},
        pages = {179--210},
        }

@incollection{hedinger:1980,
        author = {Robert Hedinger},
        title = {The Noun Classes of {A}k\'\aw\={\aw}s\=\eh~({B}akossi)},
        pages = {1--26},
        crossref = {hyman:ncs},
        }

@book{hyman:ncs,
        booktitle = {Noun classes in the {G}rassfields {B}antu borderland},
        title = {Noun classes in the {G}rassfields {B}antu borderland, {SCOPIL} 8},
        editor = LMH,
        publisher = {University of {S}outhern {C}alifornia Department of {L}inguistics},
        address = {Los {A}ngeles},
        year = {1980}}


@incollection{voll:verbs,
	author = {Rebecca Voll},
	title = {Tonal Variation in the tense system of {M}undabli, {W}estern {B}eboid~({B}antoid, {C}ameroon)},
	booktitle = {Proceedings of the 6th WOCAL World Congress of African Linguistics, Cologne, 17-21 August 2009},
	year = {2012},
	publisher = {R\"udiger K\"oppe},
	editor = {Matthias Brenzinger and Anne-{M}aria Fehn},
	address = {K\"oln},
	pages = {533--544},
	}

@article{good:kwanoun,
        author = {Jeff Good},
        title = {How to become a ``{K}wa'' noun},
        year = {2012},
	volume = {22},
	number = {2},
	pages = {293--335},
        journal = {Morphology},
        }


@article{breton:1993,
        pages = {97--118},
        journal = JWAL,
        author = {Roland Breton},
        title = {Is there a {F}uru Language Group? An investigation on
        the {C}ameroon-{N}igeria Border},
        volume = {23},
        number = {2},
        year = {1993},
        }


@article{hyman:1984,
	author = {Larry M Hyman and John R Watters},
	title = {Auxiliary Focus},
	journal = SAL,
	volume = {15},
	number = {3},
	year = {1984},
	pages = {233--273},
	}

@article{hyman:1972,
	author = {Larry M Hyman},
	year = {1972},
	title = {A phonological study of {F}e{\textraiseglotstop}{F}e{\textraiseglotstop}},
	journal = SAL,
	volume = {3},
	number = {Supplement~4},
	}

@incollection{chumbow:1977,
  address    = {Columbia, {S}outh {C}arolina},
  author     = {Chumbow, Beban},
  booktitle  = {Language and linguistic problems in {A}frica},
  editor     = {Kotey, Paul F. A. and Der-{H}oussikian, Haig},
  pages      = {283--302},
  publisher  = {Hornbeam Press, Inc.},
  title      = {Relatives as determiners --- a case from {N}gemba},
  year       = {1977}
}

@incollection{good:2009,
        author = {Jeff C Good},
        title = {Topic and Focus fields in {N}aki},
        pages = {35--68},
        crossref = {fiedler:2010},
        }
@book{fiedler:2010,
        editor = {Ines Fiedler and Anne Schwarz},
        booktitle = {The Expression of Information Structure: A documentation of its diversity across {A}frica},
        title = {The Expression of Information Structure: A documentation of its diversity across {A}frica},
        year = {2010},
        publisher = {John {B}enjamins},
        address = {Amsterdam}
        }


@article{good:inprep,
        author = {Jeff Good and Jesse Lovegren and Patrick Mvee and Carine Nguanguep and Rebecca Voll and Pierpaolo Dicarlo},
        title = {The languages of the {L}ower {F}ungom region of {C}ameroon: Grammatical overview},
        year = {2011},
        journal = AL,
        volume = {{XVII}},
        pages = {101--164},
        }

@incollection{dryer:2006,
        author = {Matthew Synge Dryer},
        booktitle = {Catching language: the standing challenge of grammar writing},
        year = {2006},
        editor = {Felix K Ameka and Alan Charles Dench and Nicholas Evans},
        year = {2006},
        publisher = {Walter de {G}ruyter},
        address = {Berlin},
        pages = {207--234},
        title = {Descriptive theories, explanatory theories, and {B}asic
        {L}inguistic {T}heory},
        }


@article{dicarlo:2011,
        author = {Pierpaolo {Di Carlo}},
        title = {Lower {F}ungom linguistic diversity and its historical development: proposals
from a multidisciplinary perspective},
        year = {2011},
        journal = AL,
        volume = {{XVII}},
        pages = {53--100},
        }


@article{lehmann:1986,
	author = {Christian Lehmann},
	title = {On the typology of relative clauses},
	year = {1986},
	volume = {24},
	number = {4},
	journal = {Linguistics},
	pages = {663--680},
}

@incollection{andrews:2007,
	pages = {206--236},
	author = {Avery D Andrews},
	title = {Relative clauses},
	booktitle = {Language Typology and Syntactic Description (Second edition). {Volume II}: Complex Constructions},
	editor = {Timothy Shopen},
	year = {2007},
	publisher = CUP,
	address = {Cambridge},
}

@article{keenan:1977,
	author = {Edward L Keenan and Bernard Comrie},
	year = {1977},
	pages = {63--99},
	title = {Noun Phrase Accessibility and {U}niversal {G}rammar},
	volume = {8},
	number = {1},
	journal = LI,
	}

@incollection{kuteva:2009,
	author = {Tania Kuteva},
	year = {2009},
	title = {Grammatical categories and linguistic theory:
	elaborateness in grammar},
	editor = {Peter K Austin and Oliver Bond and Monik Charette and David Nathan and Peter Sells},
	booktitle = {Proceedings of Conference on Language Documentation and Linguistic Theory 2},
	address = {London},
	publisher = {{SOAS}},
	pages = {13--28},
	}



@incollection{wals-2011-s8,
  address   = {Munich},
  author    = {Comrie, Bernard and Kuteva, Tania},
  booktitle = {The World Atlas of Language Structures Online},
  editor    = {Dryer, Matthew S. and Haspelmath, Martin},
  publisher = {Max Planck Digital Library},
  title     = {Relativization Strategies},
  year      = {2011}
}

@incollection{wals-2011-122,
  address   = {Munich},
  author    = {Comrie, Bernard and Kuteva, Tania},
  booktitle = {The World Atlas of Language Structures Online},
  editor    = {Dryer, Matthew S. and Haspelmath, Martin},
  publisher = {Max Planck Digital Library},
  title     = {Relativization on Subjects},
  year      = {2011}
}

@incollection{keenan:1985,
    pages = {138--164},
    author = {Edward L Keenan},
    title = {Relative clauses},
    booktitle = {Language Typology and Syntactic Description (First edition). {Volume II}: Complex Constructions},
    editor = {Timothy Shopen},
    year = {1985},
    publisher = CUP,
    address = {Cambridge},
}

@article{keenan:1979a,
	author = {Edward L Keenan and Bernard Comrie},
	title = {Data on the {N}oun {P}hrase {A}ccessibility {H}ierarchy},
	journal = {Language},
	volume = {55},
	pages = {333--351},
	year = {1979},
	number = {2},
	}

@article{keenan:1979b,
	author = {Edward L Keenan and Bernard Comrie},
	title = {{N}oun {P}hrase {A}ccessibility Revisited},
	volume = {55},
	number = {3},
	year = {1979},
	journal = {Language},
	pages = {649--664},
	}

@incollection{downing:2010,
	author = {Laura J Downing},
	title = {Prosodic Phrasing in Relative Clauses: A
	Comparative Look at {Z}ulu, {C}hewa and {T}umbuka},
	year = {2010},
	editor = {Karsten Leg\`ere and Christina Thornell},
	publisher = {R\"udiger K\"oppe},
	address = {K\"oln},
	pages = {17--29},
	booktitle = {Bantu languages: analyses, description and theory},
	}

@incollection{downing:1978,
	author = {Bruce T Downing},
	title = {Some universals of relative clause structure},
	editor = {Joseph H Greenberg},
	booktitle = {Universals of Human Language, vol.~4},
	year = {1978},
	publisher = {Stanford {U}niversity {P}ress},
	address = {Stanford},
	pages = {357--418},
	}

@incollection{makasso:2010,
	author = {{Emmanuel-{M}oselly} Makasso},
	title = {Processus de relativisation en b\`as\`aa: de la syntaxe \`a la prosodie},
	pages = {145--158},
	year = {2010},
	booktitle = {{ZAS} Papers in Linguistics no. 53: Papers from the Workshop on
	{B}antu Relative Clauses},
	editor = {Laura Downing and Annie Rialland and Jean-Marc Beltzung and
	Sophie Manus and C\'edric Patin and Kristina Riedel},
	url = {http://www.zas.gwz-berlin.de/zaspil.html}
	}

@incollection{patin:2010,
	author = {C\'edric Patin},
	title = {The Prosody of {S}hingazidja Relatives},
	pages = {187--209},
	year = {2010},
	booktitle = {{ZAS} Papers in Linguistics no. 53: Papers from the Workshop on
	{B}antu Relative Clauses},
	editor = {Laura Downing and Annie Rialland and Jean-Marc Beltzung and
	Sophie Manus and C\'edric Patin and Kristina Riedel},
	url = {http://www.zas.gwz-berlin.de/zaspil.html}
	}

@incollection{heine:2011,
	author = {Bernd Heine},
	year = {2011},
	title = {Grammaticalization in {A}frican Languages},
	pages = {696--707},
	crossref = {narrog:2011},
	}

@incollection{ohori:2011,
	author = {Toshio Ohori},
	title = {The Grammaticalization of Subordination},
	pages = {636--645},
	crossref = {narrog:2011},
	}

@book{narrog:2011,
	editor = {Heiko Narrog and Bernd Heine},
	publisher = OUP,
	address = {Oxford},
	year = {2011},
	title = {The {O}xford handbook of Grammaticalization},
	booktitle = {The {O}xford Handbook of Grammaticalization},
	}	

@book{heine:2002,
	author = {Bernd Heine and Tania Kuteva},
	publisher = CUP,
	address = {Cambridge},	
	year = {2002},
	title = {World Lexicon of Grammaticalization},
	}

@incollection{bowped,
	author = {Melissa Bowerman and Eric Pederson},
	year = {1992},
	title = {Topological relations picture series},
	editor = {Stephen C Levinson},
	booktitle = {Space stimuli kit 1.2: {N}ovember 1992, 51},
	address = {Nijmegen},
	publisher = {Max Planck Institute for Psycholinguistics},
	}

@book{hyman:1981,
	author = {Larry M Hyman},
	title = {Noni Grammatical Structure: With special reference to Verb Morphology},
	year = {1981},
	publisher = {University of {S}outhern {C}alifornia: {S}outhern {C}alifornia {O}ccasional {P}apers in {L}inguisitcs
	no. 9},
	address = {Los {A}ngeles},
	}

@misc{boutwell:2010,
	author = {Richard L Boutwell},
	title = {A Sketch Grammar of the {N}chane Language},
	year = {2010},
	howpublished = {SIL Cameroon: available at \texttt{http://www.ethnologue.com/show\_work.asp?id=928474543200}}
	}

@incollection{wals-2011-123,
  address   = {Munich},
  author    = {Comrie, Bernard and Kuteva, Tania},
  booktitle = {The World Atlas of Language Structures Online},
  editor    = {Dryer, Matthew S. and Haspelmath, Martin},
  publisher = {Max Planck Digital Library},
  title     = {Relativization on Obliques},
  url       = {http://wals.info/chapter/123},
  year      = {2011}
}



@book{tamanji:2009,
	author = {Pius N Tamanji},
	title = {A Descriptive Grammar of {B}afut},
	publisher = {R\"udiger {K}\"oppe {V}erlag},
	address = {K\"oln},
	year = {2009},
	}

@phdthesis{nkemnji:1995,
	author = {Michael Akamin Nkemnji},
	year = {1995},
	school = {University of {C}alifornia, {L}os {A}ngeles},
	title = {Heavy Pied-piping in {N}weh},
	}

@book{kiessling:2011,
	author = {Roland Kie{\ss}ling},
	title = {Verbal Serialisation in {I}su ({W}est-{R}ing): A
	{G}rassfields language of {C}ameroon. with the assistance of
	{B}ong {M}arcellus {W}ung},
	year = {2011},
	publisher = {R\"udiger {K}\"oppe {V}erlag},
	address = {K\"oln},
	}

@book{leroy:2007,
	author = {Jacqueline Leroy},
	year = {2007},
	title = {Le mankon: Langue bantoue des {G}rassfields:
	(Province {N}ord-{O}uest du {C}ameroun). {SELAF} n$^o$ $437$},
	publisher = {Peeters},
	address = {Paris},
	}	

@article{comrie:1998,
	author = {Bernard Comrie},
	year = {1998},
	journal = {Language Design},
	volume = {1},
	pages = {59--86},
	title = {Rethinking the typology of relative clauses},
	}

@article{lichtenberk:1988,
        author = {Frantisek Lichtenberk},
        year = {1988},
        title = {The {C}ristobal-{M}alaitan Subgroup of {S}outheast {S}olomonic},
        volume = {27},
        number = {1/2},
        pages = {24--62},
        journal = {Oceanic Linguistics}
        }


@book{frajzyngier:1996,
	title = {Grammaticalization of the complex sentence: a case study in {C}hadic},
	year = {1996},
	author = {Zygmunt Frajzyngier},
	publisher = {John {B}enjamins},
	address = {Amsterdam},
	}

@incollection{ideologies,
	author = {Pierpaolo {{D}i {C}arlo} and Jeff Good},
	title = {What are we trying to preserve? Diversity, change,
	and ideology at the edge of the {C}ameroonian {G}rassfields},
	publisher = OUP,
	booktitle = {Endangered Languages: Beliefs and Ideologies in Language Documentation and Revitalisation},
	editor = {Peter K. Austin and Julia Sallabank},
	pages = {??--??},
	year = {2014+},
	}

@incollection{schadeberg:2003,
 Author = {Schadeberg, Thilo C.},
 Crossref = {BantuLanguages:2003},
 Date-Added = {2009-06-05 15:08:09 -0400},
 Date-Modified = {2009-06-05 15:08:55 -0400},
 Pages = {71--89},
 Title = {Derivation},
 Year = {2003}}

@book{BantuLanguages:2003,
Booktitle = {The {B}antu languages},
Date-Modified = {2009-02-20 13:53:53 -0500},
Editor = {Nurse, Derek and Philippson, G\'erard},
Publisher = {London: Routledge},
Title = {The {B}antu languages},
Year = {2003}}



@phdthesis{nchare:2012,
	author = {Abdoulaye Laziz Nchare},
	year = {2012},
	title = {The Grammar of {S}hupamem: \texttt{lingBuzz/001441}},
	school = {New {Y}ork {U}niversity},
	}

@book{thomas:1963,
	author = {Jacqueline M. C. {T}homas},
	title = {Le Parler {N}gbaka de {B}okanga},
	year = {1963},
	publisher = {Mouton},
	address = {The {H}ague},
	}

@phdthesis{fransen:1995,
	author = {Margo Astrid Eleonora Fransen},
	year = {1995},
	title = {A grammar of {L}imbum, a {G}rassfields {B}antu languages
	spoken in the {N}orth-{W}est {P}rovince of {C}ameroon},
	school = {Vrije {U}niversiteit te {A}msterdam},
	}
